\noindent


% book
% Required fields: author or editor, title, publisher, year. 
% Optional fields: volume or number, series, address, edition, month, note.
@book{coulouris,
  author = {Coulouris  G.  F.,  Dollimore J. e  Kindberg T},
  title = {Distributed Systems: concepts and Design},
  publisher = {Addison-Wesley},
  year = {1994},
  edition = "second edition"
}

% article
% Required fields: author, title, journal, year. 
% Optional fields: volume, number, pages, month, note.
@article{donoho,
  author = {Donoho D. L.},
  title = {Compressed Sensing},
  journal = {IEEE Trans. Inf. Theory},
  volume = {52},
  number = {4},
  pages = {1289-1306},
  year = {2006}
}

% conference
% same as inproceedings
% Required fields: author, title, booktitle, year. 
% Optional fields: editor, volume or number, series, pages, address, month, organization, publisher, note
@conference{dalal,
  author = {Dalal N., Triggs B.},
  title = {Histograms of Oriented Gradients for Human Detection},
  booktitle = {Computer Vision and Pattern Recognition (CVPR)},
  address = {San Diego, USA},
  year = {2005},
  month = {20-26 June},
  pages = {886-893}
}



% website
% as misc
% Required fields: none. 
% Optional fields: author, title, howpublished, month, year, note.
@misc{ictbusiness,
  title = {ICT business},
  howpublished = {http://www.ictbusiness.it/},
  note = {ultimo accesso 15/06/2015}
}

%%%%%%%%%%%%%%%%%%%%%%%%%%%%%%%%%%%%%%%%%%%%%%%%%%%
@article{analisis,
  author = {Reema Al-Kamha},
  title = {Software Systems Analysis - A Research Area Overview},
  journal = {Data Extraction Research Group},
  year = {2005}
}

@misc{dream,
  title = {Dream Srl – Disegniamo il cambiamento},
  howpublished = {https://www.dream.tn.it/}
}

@misc{browsers,
  title = {Browser & Platform Market Share},
  howpublished = {https://www.w3counter.com/globalstats.php}
}

@misc{chrome,
  title = {Google Chrome},
  howpublished = {https://en.wikipedia.org/wiki/Google\_Chrome}
}
@misc{firefox,
  title = {Firefox},
  howpublished = {https://en.wikipedia.org/wiki/Firefox}
}
@misc{safari,
  title = {Safari (web browser)},
  howpublished = {https://en.wikipedia.org/wiki/Safari\_(web\_browser)}
}
@misc{edge,
  title = {Microsoft Edge},
  howpublished = {https://en.wikipedia.org/wiki/Microsoft\_Edge}
}

@misc{phpmyadmin,
  title = {phpMyAdmin},
  howpublished = {https://www.phpmyadmin.net/}
}

@misc{mysqlworkbench,
  title = {MySQL Workbench},
  howpublished = {https://www.mysql.com/products/workbench/}
}

@misc{eer,
  title = {ER diagrams vs. EER diagrams},
  howpublished = {https://nulab.com/learn/software-development/er-diagrams-vs-eer-diagrams-whats-the-difference/}
}


@misc{req1,
  title = {What is Requirement Analysis: Overview, Applications, and More.},
  howpublished = {https://www.simplilearn.com/what-is-requirement-analysis-article}
}
@misc{req2,
title={A Guide to Requirements Analysis for Product Teams.},
  howpublished = {https://www.jamasoftware.com/requirements-management-guide/requirements-gathering-and-management-processes/requirements-analysis}
}
@misc{req3,
  title = {Requirements Analysis - Custom Single Release Project},
  howpublished = {https://doit.maryland.gov/
  SDLC/Custom/Pages/Phase04Single.aspx}
}
@misc{https,
  title = {Introduction to HTTPS},
  howpublished={https://https.cio.gov/faq/}
}

@misc{affidabilita,
  title = {System Reliability & Availability Calculations},
  howpublished={https://www.bmc.com/blogs/system-reliability-availability-calculations}
}

@misc{database,
  title = {What is a Database? Everything You Need to Know},
  howpublished={https://www.simplilearn.com/tutorials/dbms-tutorial/what-is-a-database}
}

@misc{lamp,
    title = {What is LAMP stack?},
    howpublished={https://www.ibm.com/topics/lamp-stack}
}
@misc{xampp,
    title = {XAMPP},
    howpublished={https://www.apachefriends.org/index.html}
}
@misc{aruba,
    title = {aruba.it},
    howpublished={https://www.aruba.it/home.aspx}
}

@misc{php,
    title = {PHP},
    howpublished={https://www.php.net/}
}
@misc{html,
    title = {HTML Living Standard},
    howpublished={https://html.spec.whatwg.org/}
}
@misc{html2,
    title = {HTML},
    howpublished={https://en.wikipedia.org/wiki/HTML}
}

@misc{asincrona,
    title = {Asynchronous Programming: A Beginner’s Guide},
    howpublished={https://www.bmc.com/blogs/asynchronous-programming/}
}

@misc{jquery,
    title = {jQuery},
    howpublished={https://jquery.com/}
}

@misc{ajax,
    title = {Ajax (programming)},
    howpublished={https://en.wikipedia.org/wiki/Ajax\_(programming)}
}

@misc{datatables,
    title = {DataTables | Table plug-in for jQuery},
    howpublished={https://datatables.net/}
}

@misc{css,
    title = {CSS - Cascading Style Sheets home page - W3C},
    howpublished={https://www.w3.org/Style/CSS/Overview.en.html}
}

@misc{bootstrap,
    title = {Bootstrap},
    howpublished={https://getbootstrap.com/}
}

@misc{fpdf,
    title = {FPDF},
    howpublished={http://www.fpdf.org/}
}
@misc{simpleXLSX,
    title = {SimpleXLSX class (Official)},
    howpublished={https://github.com/shuchkin/simplexlsx}
}
@misc{blob,
    title = {Binary large object},
    howpublished={https://en.wikipedia.org/wiki/Binary\_large\_object}
}

@misc{jest_ex,
    title = {Jest – Getting Started},
    howpublished={https://jestjs.io/docs/getting-started}
}

@article{anthony,
author = {Robert N. Anthony},
title = {Planning and Control: a Framework for Analysis.},
journal = {Cambridge MA: Harvard University Press.},
year={1965}
}

@article{anthony2,
author = {Gorry, George Anthony; Scott Morton, Michael S.},
title = {A framework for management information systems.},
journal = {MIT Sloan Management Review},
year={1989}
}

@misc{operational_database,
    title = {Operational Database},
    howpublished={https://www.techopedia.com/definition/5711/operational-database-odb}
}

@misc{oltp,
    title = {What is OLTP?},
    howpublished={https://www.oracle.com/database/what-is-oltp/}
}

@misc{dbms,
    title = {database management system (DBMS)},
    howpublished={https://www.techtarget.com/searchdatamanagement
    /definition/database-management-system}
}
@misc{mysql,
    title = {MySQL},
    howpublished={https://www.mysql.com/}
}

@misc{jest,
    title = {Jest - Delightful JavaScript Testing},
    howpublished={https://jestjs.io/}
}

@book{SI,
  author = {Maurizio Pighin, Anna Marzona},
  title = {Sistemi informativi aziendali. ERP e sistemi di data analysis},
  publisher = {Pearson},
  year = {2018},
  edition = "3/Ed."
}